<?xml version="1.0" encoding="UTF-8"?><collection xmlns="http://www.loc.gov/MARC21/slim"><record><leader>00389nam--2200121-i-4500</leader><controlfield tag="001">000023187</controlfield><controlfield tag="002">20161230</controlfield><controlfield tag="005">20161230201034</controlfield><controlfield tag="008">060222s1000------------r-----000-0-eng-d</controlfield><datafield ind1=" " ind2=" " tag="080"><subfield code="a">53.081:621.382</subfield></datafield><datafield ind1=" " ind2=" " tag="245"><subfield code="a">Halbleiter. zweite ausgabe. semiconductors. second edition. semiconductor. deuxieme edition</subfield></datafield><datafield ind1=" " ind2=" " tag="260"><subfield code="a">Brussels, Association Internationale Pro Electron, 1972. 168 P</subfield></datafield><datafield ind1=" " ind2=" " tag="852"><subfield code="a">37637</subfield></datafield></record></collection>